<record><leader>00000cas a22000007a 4500</leader><controlfield tag="001">11880122</controlfield><controlfield tag="008">850403c18939999inuwr ne      0    0eng d</controlfield><datafield ind1=" " ind2=" " tag="010"><subfield code="a">sn 85047755 </subfield></datafield><datafield ind1=" " ind2=" " tag="040"><subfield code="a">NPI</subfield><subfield code="b">eng</subfield><subfield code="c">NPI</subfield><subfield code="d">OCLCQ</subfield></datafield><datafield ind1=" " ind2=" " tag="042"><subfield code="a">msc</subfield></datafield><datafield ind1="0" ind2=" " tag="130"><subfield code="a">Versailles Republican (Versailles, Ind. : 1893)</subfield></datafield><datafield ind1="1" ind2="4" tag="245"><subfield code="a">The Versailles Republican.</subfield></datafield><datafield ind1=" " ind2=" " tag="260"><subfield code="a">Versailles, Ind. :</subfield><subfield code="b">Ripley Pub. Co.,</subfield><subfield code="c">1893-</subfield></datafield><datafield ind1=" " ind2=" " tag="300"><subfield code="a">v. :</subfield><subfield code="b">ill. ;</subfield><subfield code="c">58 cm.</subfield></datafield><datafield ind1=" " ind2=" " tag="310"><subfield code="a">Weekly</subfield></datafield><datafield ind1="0" ind2=" " tag="362"><subfield code="a">Vol. 37, no. 42 (May 18, 1893)-</subfield></datafield><datafield ind1=" " ind2=" " tag="500"><subfield code="a">Publishers: May 18, 1893-July 11, 1902, Geo. J. Cravens; July 16, 1902-Mar. 28, 1917, Chas H. Thompson &amp; Will D. Robinson; Apr. 4, 1917-Feb. 18, 1937, Thompson &amp; Son; Feb. 25, 1937-June 30, 1955, Harry W. Thompson; July 7, 1955-, Ripley Publishing Company.</subfield></datafield><datafield ind1=" " ind2=" " tag="500"><subfield code="a">Includes Versailles Pumpkin Show supplement each fall.</subfield></datafield><datafield ind1=" " ind2=" " tag="580"><subfield code="a">Absorbed: Milan commercial, Mar. 1, 1926.</subfield></datafield><datafield ind1=" " ind2=" " tag="752"><subfield code="a">United States</subfield><subfield code="b">Indiana</subfield><subfield code="c">Ripley</subfield><subfield code="d">Versailles.</subfield></datafield><datafield ind1="0" ind2="0" tag="780"><subfield code="t">Republican (Versailles, Ind.)</subfield><subfield code="w">(DLC)sn 85047754</subfield></datafield><datafield ind1="1" ind2="5" tag="780"><subfield code="t">Milan commercial</subfield><subfield code="w">(DLC)sn 87055550</subfield></datafield></record>